@article{andersson,
  author  = {S.A. Andersson  D. Madigan and M.D Perlman}, 
  title   = {A characterization of Markov equivalence classes for acyclic digraphs},
  journal = {Annals of Statistics 25},
  year    = 1997,
  pages   = {},
  note    = {}, 
}

@article{chickering,
  author  = {David Maxwell Chickering}, 
  title   = {A transformational characterization of equivalent bayesian network structures},
  journal = {Proceedings of the Eleventh Conference on Uncertainty in Artificial Intelligence UAI'95},
  year    = 1995,
  pages   = {},
  note    = {Morgan Kaufmann Publishers Inc.}, 
}

@article{flesch,
  author  = {Ildiko Flesch and Peter JF Lucas}, 
  title   = {Markov equivalence in bayesian-network structures},
  journal = {J. Mach. Learn. Res., 2},
  year    = 2002,
  pages   = {},
  note    = {}, 
}

@article{verma,
  author  = {Thomas Verma and Judea Pearl}, 
  title   = {Equivalence and synthesis of causal models},
  journal = {Proceeding of the Sixth Annual Conference on Unverstainty in Artificial Intelligence, UAI `90},
  year    = 2004,
  pages   = {},
  note    = {DOI: 10.1142/S0218488504002576}, 
}

@article{studeny,
  author  = {Milan Studen√Ω}, 
  title   = {Characterization of essential graphs by means of the operation of legal merging of components},
  journal = {International Journal of Uncertainty Fuzziness and Knowledge-Based Systems},
  year    = 1991,
  pages   = {},
  note    = {New York, NY, USA, 1991. Elsevier Science Inc.}, 
}

