
@online{ref:marcus2018,
	Author = {Gary Marcus},
	Title = {Deep Learning: A Critical Appraisal},
	Year = {2018},
	Eprint = {1801.00631},
	Eprinttype = {arXiv},
}

@online{ref:overparamterized,
	Author = {Misha Denil and Babak Shakibi and Laurent Dinh and Marc'Aurelio Ranzato and Nando de Freitas},
	Title = {Predicting Parameters in Deep Learning},
	Year = {2013},
	Eprint = {1306.0543},
	Eprinttype = {arXiv},
}

@unpublished{other:goodfellow,
    title={Deep Learning},
    author={Ian Goodfellow and Yoshua Bengio and Aaron Courville},
    note={Book in preparation for MIT Press},
    url={http://www.deeplearningbook.org},
    year={2016}
}

@online{other:fft,
	Author = {Michael Mathieu and Mikael Henaff and Yann LeCun},
	Title = {Fast Training of Convolutional Networks through FFTs},
	Year = {2013},
	Eprint = {1312.5851},
	Eprinttype = {arXiv},
}

@online{other:few-multi,
	Author = {Zhouhan Lin and Matthieu Courbariaux and Roland Memisevic and Yoshua Bengio},
	Title = {Neural Networks with Few Multiplications},
	Year = {2015},
	Eprint = {1510.03009},
	Eprinttype = {arXiv},
}

%%%%%%%%%%%%%%%%%%%%%%%%%%%%%%%%%%%%%%%%%%%%%%%%%%%%%%%%%%%%%%%%%%%%%%%%%%%%%%%%%%
% Datasets
%%%%%%%%%%%%%%%%%%%%%%%%%%%%%%%%%%%%%%%%%%%%%%%%%%%%%%%%%%%%%%%%%%%%%%%%%%%%%%%%%%

@online{ref:ilsvrc,
	Author = {Olga Russakovsky and Jia Deng and Hao Su and Jonathan Krause and Sanjeev Satheesh and Sean Ma and Zhiheng Huang and Andrej Karpathy and Aditya Khosla and Michael Bernstein and Alexander C. Berg and Li Fei-Fei},
	Title = {ImageNet Large Scale Visual Recognition Challenge},
	Year = {2014},
	Eprint = {1409.0575},
	Eprinttype = {arXiv},
}

@inproceedings{ref:imagenet,
	Author = {Deng, J. and Dong, W. and Socher, R. and Li, L.-J. and Li, K. and Fei-Fei, L.},
    Title = {{ImageNet: A Large-Scale Hierarchical Image Database}},
    BookTitle = {CVPR09},
    Year = {2009}
}

@online{ref:han2015,
	Author = {Song Han and Jeff Pool and John Tran and William J. Dally},
	Title = {Learning both Weights and Connections for Efficient Neural Networks},
	Year = {2015},
	Eprint = {1506.02626},
	Eprinttype = {arXiv},
}

@TECHREPORT{ref:cifar,
    Author = {Alex Krizhevsky},
    Title = {Learning multiple layers of features from tiny images},
    year = {2009},
    Note = {Available at \url{https://www.cs.toronto.edu/~kriz/cifar.html}}
}

@misc{ref:cifar:website,
  author = {Alex Krizhevsky and Vinod Nair and Geoffrey Hinton},
  title = {CIFAR dataset},
  howpublished = {\url{https://www.cs.toronto.edu/~kriz/cifar.html}}, 
  note = "Online; accessed October 21st, 2018"
}

@article{ref:mnist,
	Author = {Yann LeCun and LÃ©on Bottou and Yoshua Bengio and Patrick Haffner},
	Title = {Gradient-based learning applied to document recognition},
	Year = {November 1998},
	Journaltitle = {Proceedings of the IEEE},
	Volume = {86(11):2278-2324}
}

@misc{ref:mnist:website,
  author = {Yann LeCun},
  title = {MNIST dataset},
  howpublished = {\url{http://yann.lecun.com/exdb/mnist/}}, 
  note = "Online; accessed October 21st, 2018"
}

@misc{ref:kaggle:fundus,
  author = {Kaggle},
  title = {Diabetic Retinopathy Detection dataset},
  howpublished = {\url{https://www.kaggle.com/c/diabetic-retinopathy-detection}}, 
  note = "Online; accessed October 21st, 2018"
}

%%%%%%%%%%%%%%%%%%%%%%%%%%%%%%%%%%%%%%%%%%%%%%%%%%%%%%%%%%%%%%%%%%%%%%%%%%%%%%%%%%
% Models
%%%%%%%%%%%%%%%%%%%%%%%%%%%%%%%%%%%%%%%%%%%%%%%%%%%%%%%%%%%%%%%%%%%%%%%%%%%%%%%%%%

@online{ref:alexnet,
	Author = {Alex Krizhevsky and Ilya Sutskever and Geoffrey E. Hinton},
	Title = {ImageNet Classification with Deep Convolutional Neural Networks},
	Year = {2012},
	Note = {Available at \url{http://papers.nips.cc/paper/4824-imagenet-classification-with-deep-convolutional-neural-networks.pdf}}
}

@online{ref:squeezenet,
	Author = {Forrest N. Iandola and Song Han and Matthew W. Moskewicz and Khalid Ashraf and William J. Dally and Kurt Keutzer},
	Title = {SqueezeNet: AlexNet-level accuracy with 50x fewer parameters and <0.5MB model size},
	Year = {2016},
	Eprint = {1602.07360},
	Eprinttype = {arXiv},
}

@online{ref:resnet,
	Author = {Kaiming He and Xiangyu Zhang and Shaoqing Ren and Jian Sun},
	Title = {Deep Residual Learning for Image Recognition},
	Year = {2015},
	Eprint = {1512.03385},
	Eprinttype = {arXiv},
}

@online{models:inception,
	Author = {Christian Szegedy and Wei Liu and Yangqing Jia and Pierre Sermanet and Scott Reed and Dragomir Anguelov and Dumitru Erhan and Vincent Vanhoucke and Andrew Rabinovich},
	Title = {Going Deeper with Convolutions},
	Year = {2014},
	Eprint = {1409.4842},
	Eprinttype = {arXiv},
	Note = {\url{https://github.com/tensorflow/tensorflow/blob/master/tensorflow/contrib/slim/python/slim/nets/inception_v1.py}}
}

@online{models:mobile,
	Author = {Andrew G. Howard and Menglong Zhu and Bo Chen and Dmitry Kalenichenko and Weijun Wang and Tobias Weyand and Marco Andreetto and Hartwig Adam},
	Title = {MobileNets: Efficient Convolutional Neural Networks for Mobile Vision Applications},
	Year = {2017},
	Eprint = {1704.04861},
	Eprinttype = {arXiv},
	Note = {\url{https://github.com/tensorflow/models/blob/master/research/slim/nets/mobilenet/mobilenet_v2.py}}
}

%%%%%%%%%%%%%%%%%%%%%%%%%%%%%%%%%%%%%%%%%%%%%%%%%%%%%%%%%%%%%%%%%%%%%%%%%%%%%%%%%%
% Quantization
%%%%%%%%%%%%%%%%%%%%%%%%%%%%%%%%%%%%%%%%%%%%%%%%%%%%%%%%%%%%%%%%%%%%%%%%%%%%%%%%%%

@online{quant:binary-models,
	Author = {Matthieu Courbariaux and Itay Hubara and Daniel Soudry and Ran El-Yaniv and Yoshua Bengio},
	Title = {Binarized Neural Networks: Training Deep Neural Networks with Weights and Activations Constrained to +1 or -1},
	Year = {2016},
	Eprint = {1602.02830},
	Eprinttype = {arXiv},
}

@misc{quant:tensorrt,
  author = {NVIDIA},
  title = {TensorRT},
  howpublished = {Available at \url{https://developer.nvidia.com/tensorrt}}, 
  note = "Online"
}

@inproceedings{quant:improve-speed-cpus,
	title	= {Improving the speed of neural networks on CPUs},
	author	= {Vincent Vanhoucke and Andrew Senior and Mark Z. Mao},
	year	= {2011},
	booktitle	= {Deep Learning and Unsupervised Feature Learning Workshop, NIPS 2011}
}

@online{quant:8-bit-approx,
	Author = {Tim Dettmers},
	Title = {8-Bit Approximations for Parallelism in Deep Learning},
	Year = {2015},
	Eprint = {1511.04561},
	Eprinttype = {arXiv},
}

@online{quant:train-low-precision,
	Author = {Matthieu Courbariaux and Yoshua Bengio and Jean-Pierre David},
	Title = {Training deep neural networks with low precision multiplications},
	Year = {2014},
	Eprint = {1412.7024},
	Eprinttype = {arXiv},
}

@online{quant:deep-compression,
	Author = {Song Han and Huizi Mao and William J. Dally},
	Title = {Deep Compression: Compressing Deep Neural Networks with Pruning, Trained	Quantization and Huffman Coding},
	Year = {2015},
	Eprint = {1510.00149},
	Eprinttype = {arXiv},
}

@misc{quant:graph-transform-doc,
  author = {TensorFlow Authors, The},
  title = {Graph Transfrom Documentation},
  howpublished = {\url{https://github.com/tensorflow/tensorflow/tree/master/tensorflow/tools/graph_transforms}}, 
  note = "Online; accessed October 23rd, 2018"
}

@misc{quant:tf-lite,
  author = {Google},
  title = {TensorFlow Lite},
  howpublished = {More information available at \url{https://www.tensorflow.org/lite/}}, 
  note = "Online"
}

%%%%%%%%%%%%%%%%%%%%%%%%%%%%%%%%%%%%%%%%%%%%%%%%%%%%%%%%%%%%%%%%%%%%%%%%%%%%%%%%%%
% Pruning
%%%%%%%%%%%%%%%%%%%%%%%%%%%%%%%%%%%%%%%%%%%%%%%%%%%%%%%%%%%%%%%%%%%%%%%%%%%%%%%%%%

@incollection{ref:pruning:optimal,
	title = {Optimal Brain Damage},
	author = {LeCun, Yann and John S. Denker and Sara A. Solla},
	booktitle = {Advances in Neural Information Processing Systems 2},
	editor = {D. S. Touretzky},
	pages = {598--605},
	year = {1990},
	publisher = {Morgan-Kaufmann},
	url = {http://papers.nips.cc/paper/250-optimal-brain-damage.pdf}
}

@article{prune:scalpel,
	author = {Yu, Jiecao and Lukefahr, Andrew and Palframan, David and Dasika, Ganesh and Das, Reetuparna and Mahlke, Scott},
	title = {Scalpel: Customizing DNN Pruning to the Underlying Hardware Parallelism},
	journal = {SIGARCH Comput. Archit. News},
	issue_date = {May 2017},
	volume = {45},
	number = {2},
	month = jun,
	year = {2017},
	issn = {0163-5964},
	pages = {548--560},
	numpages = {13},
	url = {http://doi.acm.org/10.1145/3140659.3080215},
	doi = {10.1145/3140659.3080215},
	acmid = {3080215},
	publisher = {ACM}
}

@online{prune:l1norm,
	Author = {Hao Li and Asim Kadav and Igor Durdanovic and Hanan Samet and Hans Peter Graf},
	Title = {Pruning Filters for Efficient ConvNets},
	Year = {2016},
	Eprint = {1608.08710},
	Eprinttype = {arXiv},
}

@online{prune:2pornot2p,
	Author = {Michael Zhu and Suyog Gupta},
	Title = {To prune, or not to prune: exploring the efficacy of pruning for model compression},
	Year = {2017},
	Eprint = {1710.01878},
	Eprinttype = {arXiv},
}

@online{prune:channel-pruning,
	Author = {Yihui He and Xiangyu Zhang and Jian Sun},
	Title = {Channel Pruning for Accelerating Very Deep Neural Networks},
	Year = {2017},
	Eprint = {1707.06168},
	Eprinttype = {arXiv},
}

@online{prune:dilated,
	Author = {Fisher Yu and Vladlen Koltun},
	Title = {Multi-Scale Context Aggregation by Dilated Convolutions},
	Year = {2015},
	Eprint = {1511.07122},
	Eprinttype = {arXiv},
}

%%%%%%%%%%%%%%%%%%%%%%%%%%%%%%%%%%%%%%%%%%%%%%%%%%%%%%%%%%%%%%%%%%%%%%%%%%%%%%%%%%
% Knowledge Distillation
%%%%%%%%%%%%%%%%%%%%%%%%%%%%%%%%%%%%%%%%%%%%%%%%%%%%%%%%%%%%%%%%%%%%%%%%%%%%%%%%%%

@online{ref:wrong-label-mnist,
	Author = {Zhang, Xinbin},
	Title = {A Method of Data Label Checking and the Wrong Labels in MNIST and CIFAR10},
	Year = {2017},
	Note = {\url{http://dx.doi.org/10.2139/ssrn.3072167}}
}

@online{kd:hinton,
	Author = {Geoffrey Hinton and Oriol Vinyals and Jeff Dean},
	Title = {Distilling the Knowledge in a Neural Network},
	Year = {2015},
	Eprint = {1503.02531},
	Eprinttype = {arXiv},
}

@online{kd:distilling,
	Author = {George Papamakarios},
	Title = {Distilling Model Knowledge},
	Year = {2015},
	Eprint = {1510.02437},
	Eprinttype = {arXiv},
}

@online{kd:really-deep,
	Author = {Lei Jimmy Ba and Rich Caruana},
	Title = {Do Deep Nets Really Need to be Deep?},
	Year = {2013},
	Eprint = {1312.6184},
	Eprinttype = {arXiv},
}

@online{kd:noisy,
	Author = {Bharat Bhusan Sau and Vineeth N. Balasubramanian},
	Title = {Deep Model Compression: Distilling Knowledge from Noisy Teachers},
	Year = {2016},
	Eprint = {1610.09650},
	Eprinttype = {arXiv},
}