@article{andersson,
  author  = {S.A. Andersson and  D. Madigan and  M.D Perlman}, 
  title   = {A characterization of Markov equivalence classes for acyclic digraphs},
  journal = {Annals of Statistics 25},
  year    = 1997,
  pages   = {},
  note    = {}, 
}

@article{chickering,
  author  = {David Maxwell Chickering}, 
  title   = {A transformational characterization of equivalent bayesian network structures},
  journal = {Proceedings of the Eleventh Conference on Uncertainty in Artificial Intelligence UAI'95},
  year    = 1995,
  pages   = {},
  note    = {Morgan Kaufmann Publishers Inc.}, 
}

@article{chickeringlearning,
  author  = {David Maxwell Chickering}, 
  title   = {Learning Equivalence of Bayesian Network Structures},
  journal = {Journal of Machine Learning Research 2},
  year    = 2002,
  pages   = {445-498},
  note    = {}, 
}

@article{flesch,
  author  = {Ildiko Flesch and Peter Lucas}, 
  title   = {Markov equivalence in bayesian-network structures},
  journal = {J. Mach. Learn. Res., 2},
  year    = 2002,
  pages   = {},
  note    = {}, 
}

@article{verma,
  author  = {Thomas Verma and Judea Pearl}, 
  title   = {Equivalence and synthesis of causal models},
  journal = {Proceeding of the Sixth Annual Conference on Uncertainty in Artificial Intelligence, UAI `90},
  year    = 1990,
  pages   = {255-270},
  note    = {DOI: 10.1142/S0218488504002576}, 
}

@article{schachter,
  author  = {Ross D. Schachter}, 
  title   = {Evaluating influence diagrams},
  journal = {Operations Research Vol. 34, No. 6 (Nov. - Dec. pp. 871-882) },
  year    = 1986,
  pages   = {},
  note    = {}, 
}

@article{pearl89,
  author  = {J. Pearl and D. Geiger and T.S Verma}, 
  title   = {The Logic of Influence Diagrams},
  journal = {Influence Diagrams, Belief Networks and Decision Analysis},
  year    = 1989,
  pages   = {},
  note    = {John Wiley and Sons, Ltd., Sussex, England, 1990}, 
}

@article{studeny,
  author  = {Milan Studen√Ω}, 
  title   = {Characterization of essential graphs by means of the operation of legal merging of components},
  journal = {International Journal of Uncertainty Fuzziness and Knowledge-Based Systems},
  year    = 1991,
  pages   = {},
  note    = {New York, NY, USA, 1991. Elsevier Science Inc.}, 
}

@article{snell,
  author  = {Charles M. Grinstead and J. Laurie Snell}, 
  title   = {Introduction to Probability},
  journal = {American Mathematical Society},
  year    = 2003,
  pages   = {},
  note    = {Copyright (C) 2006 Peter G. Doyle}, 
}

@article{stephenson,
  author  = {Todd A. Stephenson}, 
  title   = {An Introduction to Bayesian Network Theory and Usage},
  journal = {Dalle Molle Institute for Perceptual Artificial Intelligence},
  year    = 2000,
  pages   = {},
  note    = {IDIAP-RR 00-03}, 
}

@article{miller,
  author  = {Perry L. Miller and Paul R. Fisher}, 
  title   = {Causal Models for Medical Artificial Intelligence},
  journal = {Selected Topics in Medical Artifical Intelligence},
  year    = 1988,
  pages   = {},
  note    = {ISBN: 978-1-4613-8779-4}, 
}

@article{pauker,
  author  = {Peter Szolovits and Stephen G. Pauker}, 
  title   = {Categorical and Probabilistic Reasoning in Medical Diagnosis},
  journal = {Artificial Intelligence, Volume 11, Issues 1-2},
  year    = 1978,
  pages   = {115-144},
  note    = {}, 
}

@article{shwe,
  author  = {Michael Shwe and Blackford Middleton and David Heckerman and Max Henrion and Eric Horvitz and Harold Lehmann and Gregory Cooper}, 
  title   = {A Probabilistic Reformulation of the Quick Medical Reference System},
  journal = {Annual Symposium on Computer Application in Medical Care},
  year    = 1990,
  pages   = {790-794},
  note    = {}, 
}

@article{blalock,
  author  = {Blalock, Jr., H.M}, 
  title   = {Causal Models in the Social Sciences},
  journal = {The Economic Journal Vol. 82 No. 328.},
  year    =  1972,
  pages   = {1420-1423},
  note    = {Published by Oxford University Press}, 
}

@article{pearlsurvey,
  author  = {Judea Pearl}, 
  title   = {Causal inference in statistics: an overview},
  journal = {Statistics Surveys Vol. 3},
  year    =  2009,
  pages   = {96-146},
  note    = {}, 
}

@article{greenland1,
  author  = {S. Greenland and Judea Pearl and J. Robins}, 
  title   = {Causal diagrams for epidemiological research},
  journal = {Epidemiology 10},
  year    =  1999,
  pages   = {37-48},
  note    = {}, 
}

@article{greenland2,
  author  = {M. Glymour and S. Greenland}, 
  title   = {Causal diagrams},
  journal = {Modern Epidemiology, 3rd edition},
  year    =  2008,
  pages   = {183-209},
  note    = {ed. Lippincott Williams \& Wilkins, Philidelphia, PA.}, 
}

@article{morgan,
  author  = {S. Morgan and C. Winship}, 
  title   = {Counterfactuals and Causal Inference: Methods and PRinciples for Social Research (Analytical Methods for Social Research)},
  journal = {},
  year    =  2007,
  pages   = {},
  note    = {Cambridge University Press, New York, N}, 
}

@article{cox,
  author  = {D. Cox and N. Wermuth}, 
  title   = {Causality: a statistical view},
  journal = {International Statistical Review 72},
  year    =  2004,
  pages   = {285-305},
  note    = {}, 
}

@article{lauritzen,
  author  = {S. Lauritzen}, 
  title   = {Causal inference from graphical models},
  journal = {Complex Stochastic Systems},
  year    =  2001,
  pages   = {63-107},
  note    = {Chapman and Hall/CRC Press, Boca Raton, FL.}, 
}

@article{sparse1,
  author  = {Eugene Belilovsky and Kyle Kastner and Gael Varoquaux and Matthew B. Blaschko}, 
  title   = {Learning to Discover Sparse Graphical Models},
  journal = {Proceedings of the 34th Internation Conference on Machine Learning},
  year    =  2017,
  pages   = {},
  note    = {Sydney, Australia, PMLR 70.}, 
}

@article{sparse2,
  author  = {Chenlei Leng and Cheng Yong Tang}, 
  title   = {Sparse Matrix Graphical Models},
  journal = {Journal of the American Statistical Association, Vol. 107 - Issue 499},
  year    =  2012,
  pages   = {1187-1200},
  note    = {University of Singapore}, 
}

@article{MECsize1,
  author  = {Yangbo He and Jinzhu Jia and Bin Yu}, 
  title   = {Counting and Exploring Sizes of Markov Equivalence Classes of Directed Acylic Graphs},
  journal = {Journal of Machine Learning Research 16},
  year    =  2015,
  pages   = {2015-2609},
  note    = {}, 
}

@article{MECsize2,
  author  = {Steven B. Gillispie and Michael D. Perlman}, 
  title   = {The Size Distribution for Markov Equivalence Classes of Acyclic Digraph Models},
  journal = {Artificial Intelligence, Volume 141, Issues 1-2},
  year    =  2002,
  pages   = {137-155},
  note    = {}, 
}

@article{NUTS,
  author  = {Matthew D. Hoffman and Andrew Gelman}, 
  title   = {No U-Turn Sampler: Adaptively Setting Path Lenghts in Hamiltonian Monte Carlo},
  journal = {arXiv:1111.4246 [stat.CO]},
  year    =  2011,
  pages   = {},
  note    = {}, 
}

@article{varinf,
  author  = {Rajesh Ranganath and Sean Gerrish and David M. Blei}, 
  title   = {Black Box Variational Inference},
  journal = {arXiv:1401.0118 [stat.ML]},
  year    =  2013,
  pages   = {},
  note    = {}, 
}

@article{hamiltonianpath,
  author  = {Michael R. Garey and David S. Johnson}, 
  title   = {Computers and Intractability: A Guide to the Theory of NP-Completeness},
  journal = {Published by W. H. Freeman and Company},
  year    =  1979,
  pages   = {},
  note    = {ISBN: 0-7167-1054-5}, 
}


@article{tree,
  author  = {Alan Gibbons}, 
  title   = {Algorithmic Graph Theory},
  journal = {Published by Society for Industrial and Applied Mathematics},
  year    =  2006,
  pages   = {},
  note    = {}, 
}


@article{spanning,
  author  = {Joseph B. Kruskal}, 
  title   = {On the shortest spanning subtree of a graph and the traveling salesman problem},
  journal = {Proceedings of the American Mathematical Society 7(1)},
  year    =  1956,
  pages   = {48-50},
  note    = {}, 
}